<?xml version="1.0" encoding="UTF-8"?><collection xmlns="http://www.loc.gov/MARC21/slim"><record><leader>00406nam--2200133-i-4500</leader><controlfield tag="001">000023864</controlfield><controlfield tag="002">20161230</controlfield><controlfield tag="005">20161230201035</controlfield><controlfield tag="008">060222s1000------------r-----000-0-eng-d</controlfield><datafield ind1=" " ind2=" " tag="080"><subfield code="a">546.65(035.5)</subfield></datafield><datafield ind1=" " ind2=" " tag="245"><subfield code="a">Handbook on the physics and chemistry of rare earths. alloys and intermetallics</subfield></datafield><datafield ind1=" " ind2=" " tag="260"><subfield code="a">Amsterdam, North-holand Publishing Company, 1979. Xiii + 620 P</subfield></datafield><datafield ind1=" " ind2=" " tag="700"><subfield code="a">Gschneider, A</subfield></datafield><datafield ind1=" " ind2=" " tag="852"><subfield code="a">47004</subfield></datafield></record></collection>